<?xml version="1.0" encoding="UTF-8"?><collection xmlns="http://www.loc.gov/MARC21/slim"><record><leader>00594nam--2200181-i-4500</leader><controlfield tag="001">000007514</controlfield><controlfield tag="002">20161230</controlfield><controlfield tag="005">20161230201027</controlfield><controlfield tag="008">060222s1000------------r-----000-0-fre-d</controlfield><datafield ind1=" " ind2=" " tag="040"><subfield code="a">IFIN-HH</subfield></datafield><datafield ind1=" " ind2=" " tag="041"><subfield code="a">fre</subfield></datafield><datafield ind1=" " ind2=" " tag="080"><subfield code="a">539.124.172</subfield></datafield><datafield ind1="1" ind2=" " tag="100"><subfield code="a">Chassagne, Guy</subfield></datafield><datafield ind1="1" ind2="0" tag="245"><subfield code="a">Realisation d'un diffracteur a electrons a cathode de steigerwald et application a l'etude de l'alliage ni-al en couches minces, attaque par la soude</subfield><subfield code="b">These</subfield><subfield code="c">Guy chassagne</subfield></datafield><datafield ind1=" " ind2=" " tag="260"><subfield code="a">Lyon</subfield><subfield code="b">Faculte Des Sciences De L'Universite</subfield><subfield code="c">1964</subfield></datafield><datafield ind1=" " ind2=" " tag="300"><subfield code="a">38 P</subfield></datafield><datafield ind1=" " ind2=" " tag="852"><subfield code="a">22829</subfield><subfield code="c">539.23</subfield></datafield><datafield ind1=" " ind2=" " tag="CAT"><subfield code="a">Sys</subfield><subfield code="c">20121214</subfield><subfield code="h">120842</subfield></datafield></record></collection>